


@MISC{frontimage,
author = {William Rex},
title = {The Zombies All Around You},
month = "april",
year = {2014},
howpublished = "\url{http://www.meannnasty.com/zombies-around/}"
}

@incollection{top,
year={2008},
isbn={978-0-387-68766-7},
booktitle={Botnet Detection},
volume={36},
series={Advances in Information Security},
editor={Lee, Wenke and Wang, Cliff and Dagon, David},
doi={10.1007/978-0-387-68768-1_8},
title={A Taxonomy of Botnet Structures},
url={http://dx.doi.org/10.1007/978-0-387-68768-1_8},
publisher={Springer US},
author={Dagon, David and Gu, Guofei and Lee, ChristopherP.},
pages={143-164}
}

@incollection{MD5,
year={2006},
isbn={978-3-540-36597-6},
booktitle={Fast Software Encryption},
volume={4047},
series={Lecture Notes in Computer Science},
editor={Robshaw, Matthew},
doi={10.1007/11799313_17},
title={A Study of the MD5 Attacks: Insights and Improvements},
url={http://dx.doi.org/10.1007/11799313_17},
publisher={Springer Berlin Heidelberg},
keywords={Cryptographic Hash Functions; Differential Cryptanalysis; MD5},
author={Black, John and Cochran, Martin and Highland, Trevor},
pages={262-277}
}

@inproceedings{Bailey,
 author = {Bailey, Michael and Cooke, Evan and Jahanian, Farnam and Xu, Yunjing and Karir, Manish},
 title = {A Survey of Botnet Technology and Defenses},
 booktitle = {Proceedings of the 2009 Cybersecurity Applications \& Technology Conference for Homeland Security},
 series = {CATCH '09},
 year = {2009},
 isbn = {978-0-7695-3568-5},
 pages = {299--304},
 numpages = {6},
 url = {http://dx.doi.org/10.1109/CATCH.2009.40},
 doi = {10.1109/CATCH.2009.40},
 acmid = {1524347},
 publisher = {IEEE Computer Society},
 address = {Washington, DC, USA},
 keywords = {Botnet, detection, mitigation},
}